@book{Adkins2008,
	address = {\textit{Jack Tar: The extraordinary lives of ordinary seamen in Nelson’s navy.} London, England},
	author = {Adkins, Roy and Adkins, Lesley},
	publisher = {Abacus},
	year = {2008}
}


@book{Alleyne1980,
	address = {\textit{Comparative Afro-American: An historical-comparative study of English-based Afro-American dialects of the New World.} Ann Arbor, MI},
	author = {Alleyne, Mervyn C.},
	publisher = {Karoma Publishers},
	year = {1980}
}


@book{Alleyne1996,
	address = {Paris, France},
	author = {Alleyne, Mervyn C.},
	publisher = {Karthala},
	title = {\textit{Syntaxe historique créole}},
	year = {1996}
}


@book{Allsopp2003,
	address = {\textit{Dictionary of Caribbean English usage.} Kingston, Jamaica},
	author = {Allsopp, Richard. (ed.,)},
	publisher = {University of the West Indies Press},
	sortname = {Allsopp, Richard. (ed.,)},
	year = {2003}
}


@misc{Ammon2013,
	author = {Ammon, Matthias},
	note = {\textit{Historical Research}. \textit{86}(233,) 515-535.},
	title = {The functions of oath and pledge in {Anglo}-{Saxon} legal culture},
	year = {2013}
}


@book{Andriotis1995,
	address = {\textit{History of the Greek Language: Four studies.} Thessaloniki, Greece},
	author = {Andriotis, Nikolaos},
	publisher = {$\text{\textgreek{'I}}\delta \rho \upsilon \mu \alpha $ $T\rho \iota \alpha \nu \tau \alpha \varphi \upsilon \lambda \lambda \text{\textgreek{'i}}\delta \eta $},
	year = {1995}
}


@book{Archer2010,
	address = {In Andreas H. Jucker \& Irma Taavitsainen (eds.,) \textit{Historical pragmatics}, 379-418. Berlin, Germany},
	author = {Archer, Dawn},
	publisher = {Walter de Gruyter GmbH \& Co},
	title = {Speech acts},
	year = {2010}
}


@book{Auer2005,
	address = {Cambridge, England},
	author = {Auer, Peter and Hinskens, Frans and Kerswill, Paul. (eds.,)},
	publisher = {The Cambridge University Press},
	sortname = {Auer, Peter and Hinskens, Frans and Kerswill, Paul. (eds.,)},
	title = {\textit{Dialect change: Convergence and divergence in {European} languages}},
	year = {2005}
}


@book{Awbery1988,
	address = {In Alan R. Thomas (ed.,) \textit{Methods in dialectology: Proceedings of the sixth international conference held at the University College of North Wales, 3rd-7th \citealt{August1987}}, 164-174. Clevedon, PA},
	author = {Awbery, G. M.},
	publisher = {Multilingual Matters Ltd},
	title = {Slander and defamation as a source for historical dialectology},
	year = {1988}
}


@book{Bailey1988,
	address = {The shape of the superstrate},
	author = {Bailey, Guy and Ross, Garry},
	note = {\textit{English World-Wide. 9}(2) 193-212.},
	publisher = {Morphosyntactic features of Ship English},
	year = {1988}
}


@misc{Baker2001,
	author = {Baker, Philip and Huber, Magnus},
	note = {\textit{English World-Wide. 22}(2,) 157-208.},
	title = {{Atlantic}, {Pacific}, and world-wide features in {English}-lexicon contact languages},
	year = {2001}
}


@book{Bassett1885,
	address = {Chicago, IL},
	author = {Bassett, Fletcher S.},
	publisher = {Belford, Clarke \& Co},
	title = {\textit{Legends and superstitions of the sea and of sailors in all lands and at all times}},
	year = {1885}
}


Behn, Aphra. 1684-1687. \textit{Love-letters between a nobleman and his sister}. Retrieved from Project Guttenberg at http://www.gutenberg.org/files/8409/8409-h/8409-h.htm.

@book{Bicheno2012,
	address = {\textit{Elizabeth’s sea dogs: How the English became the scourge of the seas.} London, England},
	author = {Bicheno, Hugh},
	publisher = {Conway, Bloomsbury},
	year = {2012}
}


@book{Blake2002,
	address = {\textit{A grammar of Shakespeare’s language.} New York, NY},
	author = {Blake, N. F.},
	publisher = {Palgrave Macmillan},
	year = {2002}
}


@book{BoukmanBarima2016,
	address = {\textit{Africology},
	author = {Boukman Barima, Kofi},
	note = { 9}(4) 16-31.},
	publisher = { The Journal of Pan African Studies},
	title = {Cutting across space and time: {{O}}beah’s service to Afro-{Jamaica}’s freedom struggle in slavery and emancipation},
	year = {2016}
}


@book{Bronner2006,
	address = {\textit{Crossing the line: Violence, play, and drama in naval equator traditions.} Amsterdam, Netherlands},
	author = {Bronner, Simon J.},
	publisher = {Amsterdam University Press},
	year = {2006}
}


@book{Brown2011,
	address = {Barnsley, England},
	author = {Brown, Kevin},
	publisher = {Seaforth Publishing},
	title = {\textit{Poxed \& scurvied: The story of sickness and health at sea}},
	year = {2011}
}


@misc{Bruzelius1996,
	author = {Bruzelius, Lars},
	note = {} Retrieved from},
	title = {\textit{17th century maritime and naval dictionaries},
	url = {http://www.bruzelius.info/Nautica/Bibliography/Dictionaries\_1600.html},
	year = {1996}
}


@misc{Bruzelius1999,
	author = {Bruzelius, Lars},
	note = {} Retrieved from},
	title = {\textit{19th century maritime and naval dictionaries},
	url = {http://www.bruzelius.info/Nautica/Bibliography/Dictionaries\_1800.html},
	year = {1999}
}


@misc{Bruzelius2006,
	author = {Bruzelius, Lars},
	note = {} Retrieved from},
	title = {\textit{18th century maritime and naval dictionaries},
	url = {http://www.bruzelius.info/Nautica/Bibliography/Dictionaries\_1700.html},
	year = {2006}
}


@book{Burg1995,
	address = {2nd edn. New York, NY},
	author = {Burg, Barry R.},
	publisher = {New York University Press},
	title = {\textit{Sodomy and the pirate tradition: {English} sea rovers in the seventeenth-century {Caribbean}}},
	year = {1995}
}


@book{Burg2001,
	address = {In C. R. Pennell (ed.,) \textit{Bandits at sea: A pirate reader}, 211-243. New York, NY},
	author = {Burg, Barry R.},
	publisher = {New York University Press},
	title = {The buccaneer community},
	year = {2001}
}


@book{Burg2007,
	address = {\textit{Boys at sea.} New York, NY},
	author = {Burg, Barry R.},
	publisher = {Palgrave},
	year = {2007}
}


@book{Canagarajah2013,
	address = {Negotiating translingual literacy},
	author = {Canagarajah, Suresh},
	note = {\textit{Research in the Teaching of English}. \textit{48}(1,) 40–67.},
	publisher = {An enactment},
	year = {2013}
}


@book{Carlisle2009,
	address = {New York, NY},
	author = {Carlisle, Rodney P. (ed.,)},
	publisher = {Infobase Publishing},
	sortname = {Carlisle, Rodney P. (ed.,)},
	title = {\textit{Handbook to life in {America}: Postwar \citealt{{America}1950} to 1969}},
	year = {2009}
}


@book{Cassidy2002,
	address = {Cambridge, England},
	author = {Cassidy, Frederic G. and Le Page, Robert B.},
	publisher = {Cambridge University Press},
	title = {\textit{Dictionary of Jamaican {English}}},
	year = {2002}
}


@book{Chambers1998,
	address = {Cambridge, England},
	author = {Chambers, J. K. and Trudgill, Peter},
	publisher = {Cambridge University Press},
	title = {\textit{Dialectology}},
	year = {1998}
}


@book{Cheshire1994,
	address = {In Deiter Stein \& Ingrid Tieken-Boon van Ostade (eds.,) \textit{Towards a Standard \citealt{English1600}-1800,} 115-134. Berlin, Germany},
	author = {Cheshire, Jenny},
	publisher = {Mouton de Gruyter},
	title = {Standardization and the {English} irregular verbs},
	year = {1994}
}


@book{Choundas2007,
	address = {\textit{The pirate primer: Mastering the language of swashbucklers and rogues.} Georgetown, Canada},
	author = {Choundas, George},
	publisher = {Fraser Direct Publications Inc},
	year = {2007}
}


@book{Claridge2010,
	address = {In Andreas H. Jucker \& Irma Taavitsainen (eds.,) \textit{Historical pragmatics}, 165-192. Berlin, Germany},
	author = {Claridge, Claudia and Arnovick, Leslie},
	publisher = {Walter de Gruyter GmbH \& Co},
	title = {Pragmaticalisation and discursisation},
	year = {2010}
}


Cleirac, Estienne. 1639. \textit{Explication des termes de marine employez dans les édicts, ordonnances et reglemens de l’Admirauté …} Paris, France: M. Brunet.

@book{Cook2005,
	address = {‘A true, faire and just account’},
	author = {Cook, Bronwen},
	note = {\textit{The Journal of Transport History}. \textit{26}(1,) 1-18.},
	publisher = {Charles Huggett and the content of Maldon in the English coastal shipping trade 1679-1684},
	year = {2005}
}


@book{Creighton1996,
	address = {London, England},
	author = {Creighton, Margaret S. and Norling, Lisa. (eds.,)},
	publisher = {John Hopkins University Press},
	sortname = {Creighton, Margaret S. and Norling, Lisa. (eds.,)},
	title = {\textit{{Iron} men, wooden women}},
	year = {1996}
}


@book{Creswell2007,
	address = {\textit{Designing and conducting mixed methods research.} California, CA},
	author = {Creswell, John W. and Plano Clark, Vicki L.},
	publisher = {Sage Publications},
	year = {2007}
}


@book{Daniels2015,
	address = {(Paper presented at the conference \textit{The Emergence of a Maritime Nation},
	author = {Daniels, Jason},
	note = {Greenwich, England, 24-25 \citealt{July2015}.)},
	publisher = { Britain in the Tudor and Stuart Age, 1485–1714}},
	title = {{{Atlantic}} contingency: {{N}}egotiating the uncertainties of the {{Atlantic}} marketplace at the turn of the 18th century},
	year = {2015}
}


@book{Darvin2016,
	address = {In Sian Preece (ed.,) \textit{The Routledge handbook of language and identity}, 523-540. London, England},
	author = {Darvin, Ron},
	publisher = {Routledge},
	title = {Language and identity in the digital age},
	year = {2016}
}


\textit{Déclaration des Noms Propres des Piàces de Bois et Autres pièces nécessaires tant à la construction des Navires de Guerre} …1657. Paris, France: Chez Louis Boissevin.

@book{deHaas2006,
	address = {In Marina Dossena \& Richard Dury \& Maurizio Gotti (eds.,) \textit{English historical linguistics, Vol 3.}, 111-130. Amsterdam, Netherlands},
	author = {de Haas, Nynke},
	publisher = {John Benjamins Publishing Company},
	title = {The origins of the {Northern} Subject Rule},
	year = {2006}
}


@book{Defoe1719,
	address = {\textit{The life and strange surprising adventures of Robinson Crusoe, of York, mariner: Who lives eight and twenty years all alone in an uninhabited island on the coast of America…} London, England},
	author = {Defoe, Daniel},
	note = {Taylor.},
	publisher = { W},
	year = {1719}
}


@book{Delgado2013,
	address = {\textit{Acta Linguistica Hafniensia},
	author = {Delgado, Sally J.},
	publisher = { International Journal of Linguistics, 45}(2,) 151-169},
	title = {Pirate {English} of the {Caribbean} and {Atlantic} trade routes in the seventeenth and eighteenth centuries: {{L}}inguistic hypotheses based on socio-historical data},
	year = {2013}
}


@misc{Delgado2015,
	author = {Delgado, Sally J.},
	note = {(Paper presented at the \textit{Summer meeting of the Society of Pidgin and Creole Linguistics}. Graz, Austria, 7-9 \citealt{July2015}.)},
	title = {The reconstructed phonology of seventeenth century sailors’ speech},
	year = {2015}
}


@book{Delgado2017,
	address = {New routes to creolization},
	author = {Delgado, Sally. J. and Hancock, Ian},
	note = {(Paper presented at the \textit{Winter meeting of the Society of Pidgin and Creole Linguistics}. Austin, Texas, 5-7 \citealt{January2017}.)},
	publisher = {The importance of Ship English},
	year = {2017}
}


Desroches. 1687. \textit{Dictionnaire des termes propres de marine.} Paris, France: Amable Auroy, Paris.

@misc{Dobson1955,
	author = {Dobson, E. J.},
	note = {\textit{Transactions of the Philological Society}. \textit{54}(1,) 25-54.},
	title = {Early Modern Standard {English}},
	year = {1955}
}


@misc{Draper2016,
	author = {Draper, Mary},
	note = {(Paper presented at \textit{48th Annual Association of Caribbean Historians}, Havana, 6-10 \citealt{June2016}. Available from  (\citealt{Accessed2016}-08-10.)},
	title = {Forging and maintaining the maritime hinterlands of {Barbados} and {Jamaica}},
	url = {http://www.associationofcaribbeanhistorians.org/conferencepapers2016/index.htm)},
	year = {2016}
}


@book{Durrell2004,
	address = {In Ulrich Ammon (ed.,) \textit{Sociolinguistics: An international handbook of the science of language and society,} 200-205. Berlin, Germany},
	author = {Durrell, Martin},
	publisher = {Walter de Gruyter},
	title = {Sociolect},
	year = {2004}
}


@book{Earle1993,
	address = {van Royen \& J. R. Bruijn \& Jan Lucassen (eds.,) \textit{‘Those emblems of hell?’ European sailors and the maritime labour market, 1570-1870}, 75-95. St. John’s, Newfoundland},
	author = {Earle, Peter},
	publisher = {International Maritime Economic History Association},
	title = {{English} sailors 1570-1775, In Paul C},
	year = {1993}
}


@book{Earle1998,
	address = {London, England},
	author = {Earle, Peter},
	publisher = {Methuen},
	title = {\textit{Sailors: {English} merchant seamen 1650-1775}},
	year = {1998}
}


Esquemelin, John. 1678. \textit{The buccaneers of America: A true account of the most remarkable assaults committed of late years upon the coasts of the West Indies by the buccaneers of Jamaica and Tortuga (both English and French.)} New York, NY: Dover Publications. (\citealt{Reprinted1967}.)

@book{Eyers2011,
	address = {London, England},
	author = {Eyers, Jonathan},
	publisher = {A \& C Black},
	title = {\textit{Don’t shoot the albatross!: Nautical myths and superstitions}},
	year = {2011}
}


@book{Faraclas2012,
	address = {In Nicholas Faraclas (ed.,) \textit{Agency in the emergence of creole languages: The role of women, renegades, and people of African and indigenous descent in the emergence of the colonial era creoles}, 149-184. Amsterdam, Netherlands},
	author = {Faraclas, Nicholas and Corum, Micah and Arrindell, Rhoda and Ourdy Pierre, Jean},
	publisher = {John Benjamins Publishing Company},
	title = {Sociétés de cohabitation and the similarities between the {English} lexifier {Creoles} of the {{Atlantic}} and the {{Pacific}}: {{T}}he case for diffusion from the Afro-{{Atlantic}} to the {{Pacific}}},
	year = {2012}
}


@book{Faraclas2016,
	address = {Recovering African agency},
	author = {Faraclas, Nicholas and Lozano-Cosme, Jenny and Mejía, Gabriel and Olmeda Rosario, Roberto and Heffelfinger Nieves, Cristal and Cardona Durán, Mayra and Cortes, Mayra and Rodriguez Iglesias, Carlos and Rivera Cornier, Francis S. and Mulero Claudio, Adriana and DeJesús, Susana and Vergne, Aida and Muñoz, John Paul and LE Compte Zambrana, Pier Angeli and Brock, Sarah and Joseph Haynes, Marisol and Angus Baboun, Melissa and Arus, Javier Enrique},
	note = {(Paper presented at the 21st Biennial Conference of the Society for Caribbean Linguistics. Kingston, Jamaica 1-6 \citealt{August2016}.)},
	publisher = {A re-analysis of tense, modality and aspect in Statian and other Afro-Caribbean English lexifier contact varieties},
	sortname = {Faraclas, Nicholas and Lozano-Cosme, Jenny and Mejia, Gabriel and Olmeda Rosario, Roberto and Heffelfinger Nieves, Cristal and Cardona Duran, Mayra and Cortes, Mayra and Rodriguez Iglesias, Carlos and Rivera Cornier, Francis S. and Mulero Claudio, Adriana and DeJesus, Susana and Vergne, Aida and Munoz, John Paul and LE Compte Zambrana, Pier Angeli and Brock, Sarah and Joseph Haynes, Marisol and Angus Baboun, Melissa and Arus, Javier Enrique},
	year = {2016}
}


Fernández de Gamboa, Sebastián. 1696. \textit{Vocabulario de los nombres que usan la gente de mar en todo lo que pertenece a su arte.} Sevilla, Spain: Imp. de los Hos. de Tomas López de Haro.

@book{Fleischman1990,
	address = {Austin, TX},
	author = {Fleischman, Suzanne},
	publisher = {University of Texas Press},
	title = {\textit{Tense and narrativity: From medieval performance to modern fiction}},
	year = {1990}
}


@book{FoxSmith1924,
	address = {London, England},
	author = {Fox Smith, Cicely},
	publisher = {Methuen},
	title = {\textit{Sailor Town Days.} 2nd edn},
	year = {1924}
}


@book{Fury2015,
	address = {\textit{Rocking the boat},
	author = {Fury, Cheryl},
	note = {Unpublished manuscript. Copy shared by the author via personal email Aug 20 2015.},
	publisher = { Shipboard disturbances in the early voyages of the English East India \citealt{Company1601}-1611}},
	year = {2015}
}


@book{Fusaro2015,
	address = {Public service and private trade},
	author = {Fusaro, Maria},
	note = {\textit{The International Journal of Maritime History. 27}(1,) 3-25.},
	publisher = {Northern seamen in seventeenth-century Venetian courts of justice},
	year = {2015}
}


Gage, Thomas. 1648. \textit{New Svrvey of the West-Indies}, or \textit{The English-American, his travail by sea and land}… London, England: R. Cotes. Courtesy of The Merseyside Maritime Museum’s digitized holdings, ref 792.1.8

@book{Gehweiler2010,
	address = {In Andreas H. Jucker \& Irma Taavitsainen (eds.,) \textit{Historical pragmatics}, 315-349. Berlin, Germany},
	author = {Gehweiler, Elke},
	publisher = {Walter de Gruyter GmbH \& Co},
	title = {Interjection and expletives},
	year = {2010}
}


@book{Gilje2016,
	address = {New York, NY},
	author = {Gilje, Paul A.},
	publisher = {Cambridge University Press},
	title = {\textit{{To} swear like a sailor: Maritime culture in \citealt{America1750}-1850}},
	year = {2016}
}


@book{Givón2001,
	address = {II.  Amsterdam, Netherlands},
	author = {Givón, Talmy},
	publisher = {John Benjamins Publishing Company},
	sortname = {Givon, Talmy},
	title = {\textit{Syntax: An introduction,} Vol},
	year = {2001}
}


@article{Görlach1999,
	author = {Görlach, Manfred},
	journal = {In Roger Lass, (ed.,) \textit{The Cambridge history of the English language,} Vol III},
	note = {. Cambridge, England: Cambridge University Press.},
	pages = {459--538},
	sortname = {Gorlach, Manfred},
	title = {Regional and social variation},
	volume = {1476-1776},
	year = {1999}
}


@article{Hancock1972,
	author = {Hancock, Ian},
	journal = {\textit{Florida FL Reporter. 10}(1,)},
	note = {, 52.},
	pages = {7--8},
	title = {A domestic origin for the {English}-derived {Atlantic} {Creoles}},
	volume = {1-2},
	year = {1972}
}


@article{Hancock1976,
	author = {Hancock, Ian},
	journal = {\textit{International Journal of the Sociology of Language.}},
	pages = {26--36},
	title = {Nautical sources of {Krio} vocabulary},
	volume = {7},
	year = {1976}
}


@book{Hancock1986,
	address = {In Pieter Muysken \& Norval Smith (eds.,) \textit{Substrate versus universals in creole genesis}, 71-102. Amsterdam, Netherlands},
	author = {Hancock, Ian},
	publisher = {John Benjamins},
	title = {The domestic hypothesis, diffusion and componentiality: {{A}}n account of {Atlantic} Anglophone creole origin},
	year = {1986}
}


@book{Hancock1988,
	address = {In James L. Peacock \& James C. Sabella (eds.,) \textit{Sea and land: Cultural and biological adaptation in the Southern Coastal Plain}, 13-24. Athens, GA},
	author = {Hancock, Ian},
	publisher = {University of Georgia Press},
	title = {Componentiality and the origins of {Gullah}},
	year = {1988}
}


@misc{Hatfield2016,
	author = {Hatfield, April},
	note = {} (Paper presented at 48th Annual Association of Caribbean Historians, Havana, 6-10 \citealt{June2016}. Available from  (\citealt{Accessed2016}-08-10.)},
	title = {\textit{‘{English} pirates’ Illegal slave trading, as described in {Spanish} sanctuary records},
	url = {http://www.associationofcaribbeanhistorians.org/conferencepapers2016/index.htm)},
	year = {2016}
}


@book{Hattendorf2007,
	address = {Oxford, England},
	author = {Hattendorf, John. J. (ed.,)},
	publisher = {Oxford University Press},
	sortname = {Hattendorf, John. J. (ed.,)},
	title = {\textit{The {Oxford} encyclopedia of maritime history}},
	year = {2007}
}


Hawkins, John A. (1978.) \textit{Definiteness and indefiniteness.} London, England: Routledge.

@misc{Hendery2013,
	author = {Hendery, Rachel},
	note = {\textit{Journal of Pacific History}. \textit{48}(3,) 309–322.},
	title = {Early documents from Palmerston {Island} and their implications for the origins of Palmerston {English}},
	year = {2013}
}


@book{Hickey2004,
	address = {Cambridge, England},
	author = {Hickey, Raymond. (ed.,)},
	publisher = {Cambridge University Press},
	sortname = {Hickey, Raymond. (ed.,)},
	title = {\textit{Legacies of colonial {English}: Studies in transported dialects}},
	year = {2004}
}


@book{Hogendorn2003,
	address = {African Study Series 49. Cambridge, England},
	author = {Hogendorn, Jan and Johnson, Marion},
	publisher = {Cambridge University Press},
	title = {\textit{The shell money of the slave trade}},
	year = {2003}
}


@book{Holm1978,
	address = {\textit{The Creole English of Nicaragua’s Miskito Coast.}  London},
	author = {Holm, John},
	note = {(Doctoral dissertation.) Retrieved from University Micro[FB01?]lms International.},
	publisher = {University of London},
	year = {1978}
}


@book{Holm1981,
	address = {In Arnold R. Highfield, \& Albert Valdman (eds.,) \textit{Historicity and variation in creole studies}, 40-51. Ann Arbour, MI},
	author = {Holm, John},
	publisher = {Karoma Publishers},
	title = {Sociolinguistic history and the creolist},
	year = {1981}
}


@book{Holm1982,
	address = {New York, NY},
	author = {Holm, John and Watt Schilling, Alison},
	publisher = {Lexik House Publications},
	title = {\textit{Dictionary of Bahamian {English}}},
	year = {1982}
}


@book{Holm1988,
	address = {\textit{Pidgins and creoles I: Theory and structure.} Cambridge, England},
	author = {Holm, John},
	publisher = {Cambridge University Press},
	year = {1988}
}


@misc{Holm2009,
	author = {Holm, John},
	note = {\textit{Journal of Pidgin and Creole Languages. 24}(2,) 218-274.},
	title = {Quantifying superstrate and substrate influence},
	year = {2009}
}


Howel, James. 1645-1650. \textit{Epistolae ho-elianae familiar letters domestic and forren: divided into sundry sections, partly historicall, politicall, philosophicall}. London, England: D. Nutt.

@book{Hughes1991,
	address = {\textit{Swearing: A social history of foul language, oaths and profanity in English.} Oxford, England},
	author = {Hughes, Geoffrey},
	publisher = {Blackwell},
	year = {1991}
}


@book{Hugill1969,
	address = {London, Englang},
	author = {Hugill, Stan},
	publisher = {Herbert Jenkins},
	title = {\textit{Shanties and sailors’ songs}},
	year = {1969}
}


@book{Hymes1971,
	address = {London, England},
	author = {Hymes, Dell. (ed.,)},
	publisher = {Cambridge University Press},
	sortname = {Hymes, Dell. (ed.,)},
	title = {\textit{Pidginization and creolization of languages}},
	year = {1971}
}


@book{Jarvis2010,
	address = {Chapel Hill, NC},
	author = {Jarvis, Michael J.},
	publisher = {University of North Carolina Press},
	title = {\textit{In the eye of all trade: {Bermuda}, Bermudians, and the maritime {Atlantic} world 1680-1783}},
	year = {2010}
}


@book{Jeans1993,
	address = {\textit{Ship to shore: A dictionary of everyday words and phrases derived from the sea.} California},
	author = {Jeans, Peter. D.},
	publisher = {ABC-CLIO, Inc},
	year = {1993}
}


@book{Johnson1713,
	address = {\textit{A play. As it is acted at the Theatre-Royal in Drury lane, by Her Majesty’s servants. Written by Mr. Cha. Johnson. The second edition.}  London, England},
	author = {Johnson, Charles},
	publisher = {Eighteenth Century Collections Online Print Editions},
	title = {\textit{The successful pyrate}},
	year = {1713}
}


@book{Kelly2006,
	address = {In Dan Doll \& Jessica Munns (eds.,) \textit{Recording and reordering: Essays on the seventeenth- and eighteenth-century diary and journal}, 158-184. Lewisburg, PA},
	author = {Kelly, James},
	publisher = {Bucknell University Press},
	title = {Bordering on fact in early eighteenth-century sea journals},
	year = {2006}
}


@book{Kerswill2004,
	address = {In J. K. Chambers \& Peter Trudgill \& Natalie Schilling-Estes, (eds.,) \textit{The handbook of language variation and change}, 669-702. Cornwall, England},
	author = {Kerswill, Paul},
	publisher = {Blackwell Publishing},
	title = {Koineization and accommodation},
	year = {2004}
}


@misc{Kihm1989,
	author = {Kihm, Alain},
	note = {\textit{Canadian Journal of Linguistics. 34}(3,) 351-376.},
	title = {) Lexical conflation as a basis for relexification},
	year = {1989}
}


@book{Klara2013,
	address = {Perspective: Hey, sailor},
	author = {Klara, Robert},
	note = {In \textit{Adweek}. Retrieved from  (Publication date January 10, 2013.) (\citealt{Accessed2015}-11-07.)},
	publisher = {A look at how the romance and sexuality of the swabby has been tapped to sell},
	url = {http://www.adweek.com/news/advertising-branding/perspective-hey-sailor-146271},
	year = {2013}
}


@book{Kortmann2013,
	address = {In \textit{The electronic world atlas of varieties of English}. Leipzig},
	author = {Kortmann, Bernd and Lunkenheimer, Kerstin. (eds.,)},
	note = {(Retrieved from http://ewave-atlas.org) (\citealt{Accessed2014}-12-02.)},
	publisher = {Max Planck Institute for Evolutionary Anthropology},
	sortname = {Kortmann, Bernd and Lunkenheimer, Kerstin. (eds.,)},
	title = {Feature \#154: {{M}}ultiple negation/negative concord},
	year = {2013}
}


@book{Labov1966,
	address = {\textit{The social stratification of English in New York City.} Washington, DC},
	author = {Labov, William},
	publisher = {Center for Applied Linguistics},
	year = {1966}
}


@book{Laing2006,
	address = {In Ans van Kemenade \& Bettelou Los (eds.,) \textit{Handbook of the History of English}, 417-451. Oxford, England},
	author = {Laing, Margaret and Lass, Roger},
	publisher = {Blackwell Publishing Ltd},
	title = {Early {Middle English} dialectology: {{P}}roblems and prospects},
	year = {2006}
}


@book{Lavery2009,
	address = {\textit{Empire of the seas: The remarkable story of how the navy forged the modern world.} London, England},
	author = {Lavery, Brian},
	publisher = {Conway},
	year = {2009}
}


@book{Leeson2007,
	address = {An-arrgh-chy},
	author = {Leeson, Peter T.},
	note = {\textit{Journal of Political Economy. 115}(6,) .},
	publisher = {The law and economics of pirate organization},
	urldate = {1049-1094},
	year = {2007}
}


@book{Leeson2008,
	address = {\textit{Pi}rational \textit{choice},
	author = {Leeson, Peter T.},
	note = {(Retrieved from  (\citealt{Accessed2014}-03-10.)},
	publisher = { The economics of infamous pirate practices}},
	url = {http://www.peterleeson.com/Pirational\_Choice.pdf)},
	year = {2008}
}


@book{Lefebvre1986,
	address = {In Pieter Muysken \& Norval Smith (eds.,) \textit{Universals versus substrata in creole genesis}, 279-300. Amsterdam, Netherlands},
	author = {Lefebvre, Claire},
	publisher = {John Benjamins Publishing Company},
	title = {Relexification in creole genesis revisited},
	year = {1986}
}


@book{Lefebvre1998,
	address = {\textit{Creole genesis and the acquisition of grammar: The case for Haitian Creole.} Cambridge, England},
	author = {Lefebvre, Claire},
	publisher = {Cambridge University Press},
	year = {1998}
}


@book{Lincoln2015,
	address = {London, England},
	author = {Lincoln, Margarette. (ed.,)},
	publisher = {Thames \& Hudson Ltd},
	sortname = {Lincoln, Margarette. (ed.,)},
	title = {\textit{{Samuel} Pepys: Plague, Fire, Revolution}},
	year = {2015}
}


@book{Linebaugh2000,
	address = {\textit{The many-headed hydra: Slaves, sailors, commoners, and the hidden history of the revolutionary Atlantic.} Boston, MA},
	author = {Linebaugh, Peter and Rediker, Marcus},
	publisher = {Beacon Press},
	year = {2000}
}


@book{Lipski2005,
	address = {\textit{A history of Afro-Hispanic language: Five centuries, five continents.} Cambridge, England},
	author = {Lipski, John M.},
	publisher = {Cambridge University Press},
	year = {2005}
}


@book{Litter1999,
	address = {II. St. John’s, Newfoundland},
	author = {Litter, Dawn. (ed.,)},
	publisher = {AGMV Marquis},
	sortname = {Litter, Dawn. (ed.,)},
	title = {\textit{Guide to the records of the Merseyside Maritime Museum.} Vol},
	year = {1999}
}


@article{Lucas2012,
	author = {Lucas, Christopher and Wills, David},
	journal = {\textit{English Language and Linguistics.}},
	pages = {459--485},
	title = {Never again: {{T}}he multiple grammaticalization of never as a marker of negation in {English}},
	volume = {16},
	year = {2012}
}


@book{MacKenzie2005,
	address = {Nova Scotia, Canada},
	author = {MacKenzie, Mike},
	note = {(Retrieved from ) (\citealt{Accessed2014}-03-10.)},
	publisher = {Mike MacKenzie},
	title = {\textit{Seatalk: The dictionary of {English} nautical language}},
	url = {www.seatalk.info},
	year = {2005}
}


Manwayring, Henry. 1644. \textit{The Sea-mans Dictionary: Or, An Exposition and Demonstration of all the Parts and Things belonging to a Shippe…} London, England: Printed by G.M. for John Bellamy. \citet{Facsimile1972} Scolar Press.

@misc{Matthews1935,
	author = {Matthews, William},
	note = {\textit{Anglia.} 59 192-251.},
	title = {Sailors’ pronunciation in the second half of the 17th century},
	year = {1935}
}


@book{Maynor1988,
	address = {Thomas (ed.,) \textit{Methods in dialectology: Proceedings of the sixth international conference held at the University College of North Wales, 3rd-7th \citealt{August1987}}, 109-120. Clevedon, PA},
	author = {Maynor, Natalie},
	publisher = {Multilingual Matters Ltd},
	title = {Written records of spoken language: {{H}}ow reliable are they? {{I}}n Alan R},
	year = {1988}
}


@book{McDavid1979,
	address = {\textit{Dialects in culture: Essays in general dialectology.} Alabama},
	author = {McDavid, Raven. I.},
	publisher = {The University of Alabama Press},
	year = {1979}
}


@book{McDonald2016,
	address = {\textit{‘Sailors of the woods’},
	author = {McDonald, Kevin},
	note = {} (Paper presented at \textit{48th Annual Association of Caribbean Historians,} Havana, 6-10 \citealt{June2016}.) (Available from  (\citealt{Accessed2016}-08-10.)},
	publisher = { Logwood and the spectrum of piracy},
	url = {http://www.associationofcaribbeanhistorians.org/conferencepapers2016/index.htm)},
	year = {2016}
}


@book{McEnery2006,
	address = {\textit{Swearing in English: Bad language, purity and power from 1586 to the present.} London, England},
	author = {McEnery, Tony},
	publisher = {Routledge},
	year = {2006}
}


@book{McWhorter2005,
	address = {\textit{Defining creole.} New York, NY},
	author = {McWhorter, John. H.},
	publisher = {Oxford University Press},
	year = {2005}
}


@book{McWhorter2011,
	address = {Tying up loose ends},
	author = {McWhorter, John},
	note = {\textit{Diachronica. 28}(1,) 82– 117.},
	publisher = {A creole prototype after all},
	year = {2011}
}


@book{Migge1998,
	address = {Ohio},
	author = {Migge, Bettina},
	note = {(Unpublished doctoral dissertation.) (Retrieved from https://linguistics.osu.edu/sites/linguistics.osu.edu/files/Migge\_dissertation\_1998.pdf) (\citealt{Accessed2015}-10-07.)},
	publisher = {Ohio State University},
	title = {\textit{Substrate influence in the formation of the {Suriname} plantation creole: A consideration of the sociohistorical data and linguistic data from Ndyuka and Gbe}},
	year = {1998}
}


@book{Millward2012,
	address = {Boston, MA},
	author = {Millward, C. M. and Hayes, Mary},
	publisher = {Wasdworth, Cengage Learning},
	title = {\textit{A Biography of the {English} language.} 3rd edn},
	year = {2012}
}


@book{Milroy1986,
	address = {In Harold B. Allen \& Michael D. Linn, (eds.,) \textit{Dialect and Language Variation}, 367-380. San Diego, CA},
	author = {Milroy, Lesley},
	publisher = {Academic Press Inc},
	title = {Social network and linguistic focusing},
	year = {1986}
}


@book{Mitchell2007,
	address = {In Carol Poster \& Linda C. Mitchell (eds.,) \textit{Letter-writing manuals and instruction: From antiquity to the present,} 178-199. Columbia, SC},
	author = {Mitchell, Linda C.},
	publisher = {The University of South Carolina Press},
	title = {Letter-writing instruction manuals in seventeenth- and eighteenth-century {England}},
	year = {2007}
}


@book{Monke1799,
	address = {\textit{A Vocabulary of sea phrases and terms of the art used in seamanship and naval architecture…} London, England},
	author = {Monke, George. P.},
	note = {Debrett.},
	publisher = { J},
	year = {1799}
}


@article{Montgomery2001,
	author = {Montgomery, Michael},
	journal = {In John Algeo (ed.,) \textit{The Cambridge history of the English language,} Vol},
	note = {. Cambridge, England: Cambridge University Press.},
	pages = {89--152},
	title = {{British} and {Irish} antecedents of {American} {English}},
	volume = {6},
	year = {2001}
}


@book{Morenberg2010,
	address = {New York, NY},
	author = {Morenberg, Max},
	publisher = {Oxford University Press},
	title = {\textit{Doing grammar.} 4th edn},
	year = {2010}
}


@misc{Mufwene1996,
	author = {Mufwene, Salikoko. S.},
	note = {\textit{Diachronica. 13}(1,) 83{}-134.},
	title = {The founder principle in creole genesis},
	year = {1996}
}


@book{Murphy2015,
	address = {(Paper presented at the conference \textit{The Emergence of a Maritime Nation},
	author = {Murphy, Elaine},
	note = {Greenwich, England, 24-25 \citealt{July2015}.)},
	publisher = { Britain in the Tudor and Stuart Age, 1485–1714}},
	title = {‘A water bawdy house’: {{W}}omen and the navy in the {British} civil wars},
	year = {2015}
}


@book{Muysken1986,
	address = {\textit{Substrate versus universals in creole genesis: Papers from the Amsterdam Creole Workshop, \citealt{April1985}.} Amsterdam, Netherlands},
	author = {Muysken, Pieter and Smith, Norval. (eds.,)},
	publisher = {John Benjamins Publishing Company},
	sortname = {Muysken, Pieter and Smith, Norval. (eds.,)},
	year = {1986}
}


@book{Neuman1799,
	address = {\textit{A marine pocket-dictionary … of the most useful sea-terms in the above idioms.} London, England},
	author = {Neuman, Henry},
	note = {Hurst.},
	publisher = { T},
	year = {1799}
}


@misc{O’Malley2016,
	author = {O’Malley, Gregory},
	note = {(Paper presented at \textit{48th Annual Association of Caribbean Historians,} Havana, 6-10 \citealt{June2016}. (Available from  (\citealt{Accessed2016}-10-07.)},
	title = {Intra-{Caribbean} slave smuggling and tangled lines of migration in the {African} diaspora},
	url = {http://www.associationofcaribbeanhistorians.org/conferencepapers2016/index.htm)},
	year = {2016}
}


@misc{Osborne2006,
	author = {Osborne, Timothy},
	note = {\textit{Studia Lingüística. 60}(1,) 64-96.},
	title = {Parallel conjuncts},
	year = {2006}
}


@book{\textit{Oxford}\textit{English}\textit{Dictionary}.2ndedn1989,
	address = {Oxford, England},
	author = {\textit{Oxford English Dictionary}. 2nd edn},
	publisher = {Clarendon Press},
	sortname = {\textit{Oxford English Dictionary}. 2nd edn},
	year = {1989}
}


@book{Palmer1986,
	address = {Oxford, England},
	author = {Palmer, Roy. (ed.,)},
	publisher = {Oxford University Press},
	sortname = {Palmer, Roy. (ed.,)},
	title = {\textit{The {Oxford} book of sea songs}},
	year = {1986}
}


@book{Parkvall2000,
	address = {London, England},
	author = {Parkvall, Mikael},
	publisher = {Battlebridge Publications},
	title = {\textit{Out of {Africa}: {Africa}n influences in {Atlantic} creoles}},
	year = {2000}
}


@misc{Parkvall2005,
	author = {Parkvall, Mikael},
	note = {In Alan D. Corré (ed.,) \textit{A glossary of lingua franca.} (Retrieved from https://minds.wisconsin.edu/bitstream/item/3920/edition2/edition3/foreword.htm) (\citealt{Accessed2016}-10-07.)},
	title = {Foreword},
	year = {2005}
}


@book{Peters2007,
	address = {Cambridge, England},
	author = {Peters, Pam},
	publisher = {Cambridge University Press},
	title = {\textit{The {Cambridge} guide to {English} usage}},
	year = {2007}
}


@book{Petyt1980,
	address = {Boulder, CO},
	author = {Petyt, K. M.},
	publisher = {Westview Press},
	title = {\textit{The study of dialect: An introduction to dialectology}},
	year = {1980}
}


@book{Rediker1987,
	address = {Cambridge, England},
	author = {Rediker, Marcus},
	publisher = {Cambridge University Press},
	title = {\textit{Between the devil and the deep blue sea: Merchant seamen, pirates, and the {Anglo}-{American} maritime worlds 1700-1726}},
	year = {1987}
}


@book{Rediker2004,
	address = {\textit{Villains of all nations: Atlantic pirates in the golden age.} Boston, MA},
	author = {Rediker, Marcus},
	publisher = {Beacon Press},
	year = {2004}
}


@misc{Reinecke1938,
	author = {Reinecke, John E.},
	note = {\textit{Social Forces. 17}(1,) 107-118.},
	title = {Trade jargons and creole dialects as marginal languages},
	year = {1938}
}


@misc{Richardson1740,
	author = {Richardson, S.},
	note = {( (\citealt{Accessed2016}-02-10.)},
	title = {) \textit{{Pamela}, or Virtue rewarded}},
	url = {http://www.gutenberg.org/files/6124/6124-h/6124-h.htm)},
	year = {1740}
}


@misc{Richardson1749,
	author = {Richardson, Samuel},
	note = {( (\citealt{Accessed2016}-03-07.)},
	title = {\textit{Clarissa Harlowe, or the history of a young lady}},
	url = {http://www.gutenberg.org/files/9296/9296-h/9296-h.htm)},
	year = {1749}
}


@book{Römer2005,
	address = {Amsterdam, Netherlands},
	author = {Römer, Ute},
	publisher = {John Benjamins Publishing Company},
	sortname = {Romer, Ute},
	title = {\textit{Progressives, patterns, pedagogy: A corpus-driven approach to {English} progressive forms, functions, contexts and didactics}},
	year = {2005}
}


@book{Russell1883,
	address = {London, England},
	author = {Russell, William. C.},
	publisher = {Sampson Low, Marston, Searle \& Rivington},
	title = {\textit{Sailor’s language: A collection of sea terms and their definitions}},
	year = {1883}
}


@book{Salzman2013,
	address = {\textit{Drinking water: A history.} New York, NY},
	author = {Salzman, James},
	publisher = {Overlook Press},
	year = {2013}
}


@book{Schneider2004,
	address = {In Raymond Hickey (ed.,) \textit{Legacies of colonial English: Studies in transported dialects,} 262-309. Cambridge, England},
	author = {Schneider, Edgar W.},
	publisher = {Cambridge University Press},
	title = {The {English} dialect heritage of the southern {United States}},
	year = {2004}
}


@misc{Schneider2018,
	author = {Schneider, Edgar},
	title = {World {{English}es} as Complex Systems, The 5\textsuperscript{th} International   Conference of the International Society for the Linguistics of {English}, {London},   {July} 17, 2018},
	year = {2018}
}


@book{Schnitzer1997,
	address = {\textit{Spanish – English contrastive phonology.} San Juan, PR},
	author = {Schnitzer, Marc. L.},
	publisher = {Piedras Press, Inc},
	year = {1997}
}


@book{Schultz2010,
	address = {\textit{Ship English.} Austin, TX},
	author = {Schultz, Patrick},
	note = {(Unpublished Master’s thesis.)},
	publisher = {University of Texas at Austin},
	year = {2010}
}


@book{Selbach2008,
	address = {In Susanne Michaelis (ed.,) \textit{Roots of creole structures: Weighing the contribution of substrate and superstrates}, 29-58. Amsterdam, Netherlands},
	author = {Selbach, Rachel},
	publisher = {John Benjamins Publishing Company},
	title = {The superstrate is not always the lexifier: {{L}}ingua franca in the Barbary \citealt{Coast1530}-1830},
	year = {2008}
}


@misc{Shakespeare2015,
	author = {Shakespeare, William. c. 1591. \textit{Henry VI, Part} 2. (http://www.gutenberg.org/cache/epub/1501/pg1501-images.html) (\citealt{Accessed},
	note = {)},
	title = {}-11-06},
	year = {2015}
}


@misc{Shakespeare2015,
	author = {Shakespeare, William. c. 1595. \textit{Richard II}. (http://www.shakespeare-online.com/plays/richardiiscenes.html) (\citealt{Accessed},
	note = {)},
	title = {}-11-06},
	year = {2015}
}


@misc{Shakespeare2015,
	author = {Shakespeare, William. c. 1611. \textit{The Tempest}. (http://www.opensourceshakespeare.org/views/plays/playmenu.php?WorkID=tempest) (\citealt{Accessed},
	note = {)},
	title = {}-11-06},
	year = {2015}
}


@book{Shaw2013,
	address = {Athens, GA \& London, England},
	author = {Shaw, Jenny},
	publisher = {The University of Georgia Press},
	title = {\textit{Everyday life in the early {English} {Caribbean}: {Irish}, Africans, and the construction of difference}},
	year = {2013}
}


@book{Shopen1980,
	address = {Cambridge, England},
	author = {Shopen, Timothy and Williams, Joseph. M.},
	publisher = {Winthrop Publishers, Inc},
	title = {\textit{Standards and dialects in {English}}},
	year = {1980}
}


@book{Siegel2001,
	address = {In Norval Smith \& Tonjes Veenstra, (eds.,) \textit{Creolization and contact}, 175-199. Amsterdam, Netherlands},
	author = {Siegel, Jeff},
	publisher = {John Benjamins Publishing Company},
	title = {Koine formation and creole genesis},
	year = {2001}
}


@misc{SILInternational2005,
	author = {SIL International},
	note = {0. Retrieved from http://www-01.sil.org/linguistics/GlossaryOfLinguisticTerms/WhatIsProgressiveAspect.htm (\citealt{Accessed2016}-02-12.)},
	title = {What is progressive aspect? {{I}}n \textit{{LinguaL}inks Library}, {Version} 5},
	year = {2005}
}


Smith, John. 1627. \textit{A Sea Grammar}. Amsterdam, Netherlands: Da Capo Press. (\citealt{Reprinted1968}.)

@book{Snell2008,
	address = {Tucson, AZ},
	author = {Snell, Hannah and Lacy, Mary and Talbot, Mary Anne},
	publisher = {Fireship Press},
	title = {\textit{The lady tars: The autobiographies of Hannah Snell, Mary Lacy and Mary Anne Talbot}},
	year = {2008}
}


@book{Sotirova2016,
	address = {Dalloway. In Anita Auer \& Victorina González-Díaz \& Jane Hodson \& Violeta Sotirova (eds.,) \textit{Linguistics and literary history: In honor of Sylvia Adamson}, 171-194. Amsterdam, Netherlands},
	author = {Sotirova, Violeta},
	publisher = {John Benjamins Publishing Company},
	title = {Dismantling narrative modes: {{A}}uthorial revisions in the opening of Mrs},
	year = {2016}
}


@book{Souhami2013,
	address = {London, England},
	author = {Souhami, Diana},
	publisher = {Quercus},
	title = {\textit{Selkirk’s island}},
	year = {2013}
}


@book{Stapleton2010,
	address = {In Miriam A. Locher \& ‎Sage L. Graham (eds.,) \textit{Interpersonal pragmatics,} 289-306. Berlin, Germany},
	author = {Stapleton, Karyn},
	publisher = {De Gruyter Mouton},
	title = {Swearing},
	year = {2010}
}


@misc{Stevenson1883,
	author = {Stevenson, R. L.},
	note = {} ( (\citealt{Accessed2014}-03-10.)},
	title = {) \textit{Treasure island},
	url = {http://www.gutenberg.org/files/120/120-h/120-h.htm)},
	year = {1883}
}


@book{Stornaiuolo2014,
	address = {In Greta B. Gudmundsdottir \& Kristin B. Vasbo (eds.,) \textit{Methodological challenges when exploring digital learning spaces in education}, 29-43. Rotterdam, Netherlands},
	author = {Stornaiuolo, Amy and Hall, Matthew},
	publisher = {Sense},
	title = {Tracing resonance: {{Q}}ualitative research in a networked world},
	year = {2014}
}


@book{Sullivan2003,
	address = {\textit{The devil’s brethren: Origins and nature of pirate counterculture 1600-1730.} Arlington, TX},
	author = {Sullivan, Timothy Lee},
	note = {(Unpublished doctoral dissertation.)},
	publisher = {University of Texas Arlington},
	year = {2003}
}


@book{Tacitus1913,
	address = {Boston, MA},
	author = {Tacitus, Cornelius},
	note = {(https://archive.org/stream/gb0mSkJzPCuzoC\#page/n7/mode/2up) (\citealt{Accessed2016}-01-11.) Edited and translated.},
	publisher = {Ginn and Company},
	title = {\textit{The life of Agricola and the Germania}},
	year = {1913}
}


@book{Tagliamonte2013,
	address = {Cambridge, England},
	author = {Tagliamonte, Sali A.},
	publisher = {Cambridge University Press},
	title = {\textit{Roots of {English}: Exploring the history of dialects}},
	year = {2013}
}


@misc{TaylorColeridge1798,
	author = {Taylor Coleridge, Samuel},
	note = {} (http://famousliteraryworks.com/coleridge\_rime\_of\_the\_ancient\_mariner.htm) (\citealt{Accessed2016}-05-07.)},
	title = {\textit{Rime of the ancient mariner},
	year = {1798}
}


@misc{Taylor\&FrancisGroup2016,
	author = {Taylor and Francis Group},
	note = {In \textit{Atlantic Studies.} Retrieved from  journalCode=rjas20 (\citealt{Accessed2016}-11-01.)},
	title = {Aims and scope},
	url = {http://www.tandfonline.com/action/journalInformation?show=aimsScope\&},
	year = {2016}
}


\textit{Termes desquels on use sur mer dans le parler….} 1681. Le Havre de Grâce, France: Jacques Gruchet.

@book{Thornton2000,
	address = {In Verene Shepherd \& Hilary McD. Beckles (eds.,) \textit{Caribbean slavery in the Atlantic world: A student reader,} 55-73. Kingston, Jamaica},
	author = {Thornton, John},
	publisher = {Ian Randle},
	title = {The birth of an {Atlantic} world},
	year = {2000}
}


@misc{TrinityCollegeDublin2015,
	author = {Trinity College Dublin, (n.d..) \textit{\citealt{The1641} Depositions Project}. Retrieved from http://1641.tcd.ie/about.php (\citealt{Accessed},
	note = {)},
	title = {}-10-05},
	year = {2015}
}


@book{Trudgill1986,
	address = {\textit{Dialects in contact.} Oxford, England},
	author = {Trudgill, Peter},
	publisher = {Blackwell Publishers},
	year = {1986}
}


@book{Trudgill2003,
	address = {Oxford, England},
	author = {Trudgill, Peter},
	publisher = {Oxford University Press},
	title = {\textit{A glossary of sociolinguistics}},
	year = {2003}
}


@book{Trudgill2004,
	address = {\textit{New dialect formation: The inevitability of colonial Englishes.} Oxford, England},
	author = {Trudgill, Peter},
	publisher = {Oxford University Press},
	year = {2004}
}


@book{Turley2001,
	address = {New York, NY},
	author = {Turley, Hans},
	publisher = {New York University Press},
	title = {\textit{{Rum}, sodomy and the lash: Piracy, sexuality, and masculine identity}},
	year = {2001}
}


@misc{vanderAuwera2016,
	author = {van der Auwera, Johan},
	note = {(Paper presented at the \textit{21st Biennial Conference of the Society for Caribbean Linguistics}. Kingston, Jamaica 1-6 \citealt{August2016}.)},
	title = {Negative indefinites in {Caribbean} creoles},
	year = {2016}
}


\textit{Vocabulario marítimo y explicacion de los más principales vocablos que usa la gente de mar…} 1696. Sevilla, Spain: Herederos de T. López de Haro.

@book{Wakelin1977,
	address = {\textit{English dialects: An introduction.} London, England},
	author = {Wakelin, Martyn F.},
	publisher = {The Athlone Press},
	year = {1977}
}


@article{Walsh1994,
	author = {Walsh, Vince},
	journal = {\textit{Research in Maritime History.}},
	pages = {27--46},
	title = {Recruitment and promotion: {{T}}he merchant fleet of Salem, \citealt{Massachusetts1670}-1765},
	volume = {7},
	year = {1994}
}


@book{Warschauer2010,
	address = {New technology and digital worlds},
	author = {Warschauer, Mark and Matuchniak, Tina},
	note = {\textit{Review of Research in Education. 34}(1) 179-225.},
	publisher = {Analyzing evidence of equity in access, use and outcomes},
	year = {2010}
}


@book{WebsterNewbold2007,
	address = {In Carol Poster \& Linda C. Mitchell (eds.,) \textit{Letter-writing manuals and instruction: From antiquity to the present,} 127-140. Columbia, SC},
	author = {Webster Newbold, W.},
	publisher = {The University of South Carolina Press},
	title = {Letter writing and vernacular literacy in sixteenth-century {England}},
	year = {2007}
}


@book{Willan1967,
	address = {\textit{The English coasting trade 1600-1750.} Manchester, England},
	author = {Willan, Thomas S.},
	publisher = {Manchester University Press},
	year = {1967}
}


@book{Willis2013,
	address = {Oxford, England},
	author = {Willis, David and Lucas, Christopher and Breitbarth, Anne. (eds.,)},
	publisher = {Oxford University Press},
	sortname = {Willis, David and Lucas, Christopher and Breitbarth, Anne. (eds.,)},
	title = {\textit{The history of negation in the languages of {Europe} and the {Mediterranean}, : Case studies}},
	volume = {I},
	year = {2013}
}


Winschooten, Wigardus à. 1681. \textit{W. à Winschootens Seeman}: \textit{Behelsende Een grondige uitlegging van de Neederlandse Konst, en Spreekwoorden, voor soo veel die uit de Seevaart sijn ontleend, en bij de beste Schrijvers deeser eeuw gevonden}. Leiden, Netherlands: Johannes de Vivie.

@book{Wolfram2004,
	address = {In Raymond Hickey (ed.,) \textit{Legacies of colonial English: Studies in transported dialects,} 172-202. Cambridge, England},
	author = {Wolfram, Walt. and Schilling-Estes, Natalie},
	publisher = {Cambridge University Press},
	title = {Remnant dialects in the coastal {United States}},
	year = {2004}
}


@book{Wolfram2016,
	address = {West Sussex, England},
	author = {Wolfram, Walt and Schilling, Natalie},
	publisher = {John Wiley \& Sons},
	title = {\textit{{American} {English}: Dialects and variation.} 3rd edn},
	year = {2016}
}


@book{Wright1967,
	address = {\textit{Dictionary of obsolete and provincial English.} Detroit, MI},
	author = {Wright, Thomas},
	publisher = {Gale Research Company},
	year = {1967}
}

 